@book{OliveiraAulaAberta2017,
	title = {Introdução à Estatística: Estatística Descritiva em R},
	author = {Oliveira, {Teresa A.} and Oliveira, Amílcar and Sousa, Nuno},
	year = {2017},
	publisher = {Universidade Aberta},
	url = {http://hdl.handle.net/10400.2/12832}
}

@book{OliveiraEstatisticaDescritiva2011,
	title = {Elementos de Estatística Descritiva},
	author = {Oliveira, Amílcar and Oliveira, {Teresa A.}},
	year = {2011},
	month = {1},
	publisher = {Universidade Aberta},
	url = {http://hdl.handle.net/10400.2/1986}
}

@misc{AulaAbertaIntroducaoEstatistica2017,
	title = {Introdução à Estatística: Estatística Descritiva em R},
    subtitle = {AULA AbERTA},
	author = {Oliveira, {Teresa A.} and Oliveira, Amílcar and Sousa, Nuno},
	year = {2017},
	series = {AULA AbERTA},
	publisher = {Universidade Aberta},
	url = {https://aulaberta.uab.pt/blocks/catalog/detail.php?id=7}
}

@misc{a2edRRepo,
    title = {a2edR},
    subtitle = {Release section on Github},
    author = {{Pinto Machado}, Carlos (cpmachado)},
    url = {https://github.com/cpmachado/a2edR/releases/latest}
}

@misc{RManual,
	title = {R: A Language and Environment for Statistical Computing},
	author = {{R Core Team}},
	organization = {R Foundation for Statistical Computing},
	address = {Vienna, Austria},
	year = {2022},
	url = {https://www.R-project.org/}
}
